<record><leader>00000cas a22000007a 4500</leader><controlfield tag="001">9569639</controlfield><controlfield tag="008">830602d18591867mauwr ne      0    0eng d</controlfield><controlfield tag="009">3768</controlfield><datafield ind1=" " ind2=" " tag="010"><subfield code="a">sn 83020828 </subfield></datafield><datafield ind1=" " ind2=" " tag="040"><subfield code="a">NPX</subfield><subfield code="b">eng</subfield><subfield code="c">NPX</subfield><subfield code="d">MGN</subfield></datafield><datafield ind1=" " ind2=" " tag="042"><subfield code="a">msc</subfield></datafield><datafield ind1=" " ind2=" " tag="043"><subfield code="a">n-us-ma</subfield></datafield><datafield ind1="0" ind2="4" tag="245"><subfield code="a">The Webster weekly times.</subfield></datafield><datafield ind1="1" ind2="0" tag="246"><subfield code="a">Weekly Webster times</subfield></datafield><datafield ind1=" " ind2=" " tag="260"><subfield code="a">Webster, Mass. :</subfield><subfield code="b">J.A. Spalding,</subfield><subfield code="c">1859-1860.</subfield></datafield><datafield ind1=" " ind2=" " tag="300"><subfield code="a">v. ;</subfield><subfield code="c">55 cm.</subfield></datafield><datafield ind1=" " ind2=" " tag="310"><subfield code="a">Weekly</subfield></datafield><datafield ind1="0" ind2=" " tag="362"><subfield code="a">Vol. 1, no. 1 (Mar. 17, 1859)-v. 9, no. 27 (Sept. 7, 1867).</subfield></datafield><datafield ind1=" " ind2=" " tag="500"><subfield code="a">"Webster" appears above masthead ornament, Mar. 16-Dec. 7, 1861.</subfield></datafield><datafield ind1=" " ind2=" " tag="500"><subfield code="a">Publishers: Spalding &amp; Shumway, Dec. 6, 1860-May. 18, 1861; J.A. Spalding, May 25, 1861-Sept. 15, 1866; J.A. Dresser, Sept. 22, 1866-1867.</subfield></datafield><datafield ind1=" " ind2=" " tag="500"><subfield code="a">Editors: J.A. Spalding, 1859-Nov. 29, 1860; Spalding &amp; Shumway, Dec. 6, 1860-May 11, 1861; J.A. Spalding, May 18, 1861-Sept 15, 1866&gt;; J.A. Dresser, Sept. 22, 1866-1867.</subfield></datafield><datafield ind1=" " ind2=" " tag="752"><subfield code="a">United States</subfield><subfield code="b">Massachusetts</subfield><subfield code="c">Worcester</subfield><subfield code="d">Webster.</subfield></datafield><datafield ind1="0" ind2="0" tag="785"><subfield code="t">Webster times (Webster, Mass. : 1867)</subfield><subfield code="w">(DLC)sn 83020829</subfield></datafield></record>